3056 4834
171 324 191 386 8
651 321 758 376 Horatii
776 322 921 376 Satirarum

262 504 387 568 semper
410 503 467 566 ego
491 484 627 570 optarim
651 483 872 566 pauperrimus
896 500 963 546 esse
986 482 1150 546 bonorum.

192 611 223 656 eo
262 593 345 656 atsi
369 591 532 655 condoluit
554 591 749 672 temptatum
771 587 886 669 frigore
910 606 1023 670 eorpus

263 701 319 762 aut
343 699 424 762 alius
447 715 540 762 oasus
564 697 646 760 leoto
670 699 702 760 te
727 695 843 771 adfixit,
866 695 964 759 habes
989 694 1043 774 qui

263 805 415 881 adsideat,
439 803 580 868 fomenta
601 805 702 884 paret,
724 802 886 866 medioum
909 801 1007 882 roget,
1031 801 1068 864 ut
1091 801 1124 863 te

263 912 396 976 suscitet
418 929 455 974 ao
477 910 592 974 reddat
615 909 720 990 gnatis
745 909 890 989 aerisque
916 907 1125 990 propinquis?

261 1037 324 1081 non
346 1037 426 1082 uxor
448 1018 573 1080 salvum
595 1017 627 1079 te
651 1016 726 1090 volt,
748 1034 812 1079 non
834 1014 936 1088 filius3
960 1032 1069 1078 omnes

262 1124 357 1188 vieini
381 1123 523 1199 oderunt,
546 1122 622 1198 noti,
645 1122 735 1204 pueri
759 1111 855 1201 atque
879 1121 1013 1203 puellae.

262 1229 398 1305 miraris,
423 1248 496 1292 oum
518 1230 555 1292 tu
580 1229 711 1308 argento
735 1229 808 1310 post
831 1227 937 1290 omnia
959 1243 1067 1308 ponae,

263 1337 404 1400 sinemo
427 1335 578 1418 praestet,
601 1352 697 1414 quem
719 1352 783 1396 non
805 1332 967 1408 merearis
991 1331 1155 1394 amorem?

263 1444 297 1505 at
320 1442 347 1505 si
370 1443 520 1522 adgnatos
543 1441 631 1504 nullo
654 1442 771 1502 natura
794 1440 900 1504 labore

263 1567 341 1629 quos
364 1548 423 1612 tihi
446 1547 502 1610 dat
524 1546 660 1610 retinere
684 1546 762 1609 velis
787 1562 976 1625 servareque
1000 1543 1127 1619 amieos,

262 1655 370 1718 infelix
393 1672 521 1736 operam
544 1652 667 1735 perdas,
690 1653 728 1715 ut
752 1651 874 1732 siquis
898 1651 1034 1714 asellum

263 1762 296 1823 in
319 1778 429 1843 oampo
453 1759 564 1823 dooeat
585 1761 753 1841 parentem
776 1776 902 1822 numere
925 1757 1032 1821 frenis.

264 1867 398 1948 denique
423 1866 465 1928 sit
486 1865 558 1928 finis
583 1865 763 1946 quaerendi,
788 1883 924 1945 eumque
946 1863 1065 1926 habeas
1088 1861 1171 1943 plus,

262 1973 445 2056 pauperiem
467 1974 594 2036 metuas
617 1972 733 2048 minue,
758 1974 790 2035 et
812 1971 902 2034 finire
925 1970 1067 2033 laborem

262 2079 403 2162 incipias
425 2081 517 2160 parto
542 2078 626 2159 quod
650 2079 836 2154 avetaque
860 2077 957 2141 facias
982 2075 1066 2156 quod

263 2185 446 2250 Ummidius
471 2185 610 2266 quidam.
655 2204 719 2249 non
742 2186 837 2266 longa
860 2187 910 2248 est
932 2183 1049 2247 fabula.
1095 2180 1193 2256 divae,

262 2294 300 2355 ut
322 2293 490 2356 metiretur
512 2311 669 2367 nummos,
692 2292 738 2354 ita
761 2290 923 2363 sordidus3
946 2291 984 2352 ut
1007 2306 1040 2352 se

261 2418 325 2462 non
347 2417 502 2479 umquam
526 2417 615 2462 servo
639 2398 754 2461 melius
778 2397 918 2471 vestiret,
942 2395 982 2458 ad
1005 2411 1107 2474 usque

264 2523 449 2588 supremum
472 2508 672 2587 tempusue
696 2523 729 2567 se
752 2504 884 2586 penuria
907 2502 1011 2565 vietus

265 2593 465 2675 opprimeret,
487 2593 661 2656 metuebat.
707 2595 741 2655 at
763 2593 849 2654 hune
871 2591 985 2654 liberta
1009 2588 1112 2653 seouri

178 2718 225 2760 roo
264 2699 371 2762 divisit
394 2699 543 2775 medium,
567 2698 740 2762 fortissima
763 2697 1024 2779 Tyndaridarum.

231 2911 281 2966 hoe
294 2909 405 2976 iaaat?]
426 2908 495 2964 Oder
509 2909 569 2962 sind
583 2909 629 2962 das
643 2911 710 2962 etwa
723 2909 948 2982 Lebensgentisse:
966 2908 1082 2976 aipa'lara
1097 2905 1168 2960 eta?
1179 2919 1216 2942 ·-
1247 2917 1287 2959 rs.
1301 2907 1401 2962 lamam

174 2999 317 3067 bonoram]
343 2999 376 3053 So
395 2999 545 3052 bezeichnet
563 2998 609 3050 der
627 2997 736 3050 Dichter
753 2997 866 3050 ironiseh
890 2997 937 3049 das
960 2997 1078 3065 aipilare
1102 2997 1151 3048 eto.
1172 3023 1203 3032 -
1279 3006 1320 3050 80.
1345 2995 1400 3060 fri-

172 3088 247 3158 yora]
265 3087 477 3154 ,‚Fieberirost“.
493 3117 527 3126 -
580 3098 620 3142 81.
642 3088 707 3140 dacto
726 3092 750 3139 ta
769 3085 890 3152 adfiiar't]
911 3084 993 3151 „dioh
1012 3085 1069 3137 aufs
1086 3084 1152 3136 Bett
1169 3083 1297 3151 geworfon
1314 3083 1399 3150 hat“;

174 3177 226 3245 vgl.
246 3174 292 3230 Ov.
311 3176 376 3230 Met.
396 3176 438 3242 12,
459 3177 523 3231 139:
547 3218 562 3242 „
570 3179 706 3244 terraeque
725 3175 825 3228 adflixit
842 3174 972 3226 Achillem
980 3175 1004 3226 “.
1024 3202 1057 3212 —
1114 3184 1155 3228 8³.
1174 3172 1297 3239 arramiet]
1323 3173 1400 3238 „auf-

173 3264 278 3331 hringe,
302 3263 550 3317 wiederherstelle“.
577 3293 611 3302 —
667 3275 707 3317 ea.
733 3264 814 3330 pueri
839 3269 922 3330 atque
945 3260 1066 3329 puellae]
1093 3261 1118 3315 d.
1137 3261 1163 3315 h.
1182 3261 1330 3330 uberhaupt
1348 3261 1401 3314 alle

174 3352 216 3408 his
233 3353 313 3406 hinab
333 3370 364 3404 zu
383 3353 432 3406 den
446 3353 571 3406 Kindern.
599 3352 653 3406 Der
666 3350 804 3404 Ausdruok
822 3367 875 3403 war
894 3351 1109 3420 spriohwdrtlioh,
1128 3351 1180 3418 vgl.
1199 3351 1225 3416 2,
1244 3351 1269 3415 3,
1289 3350 1349 3404 130.
1364 3377 1398 3388 -

177 3451 218 3495 aa.
233 3447 300 3509 post
319 3442 413 3494 amata
427 3442 530 3510 portas]
550 3441 594 3494 fiir
611 3441 729 3494 amaia
742 3445 957 3507 postponas,
976 3441 1032 3492 eine
1046 3439 1145 3494 Tmesis
1164 3439 1212 3492 wie
1228 3438 1399 3508 1,6,58.-

176 3539 217 3584 88.
241 3530 318 3582 aoth>
344 3530 445 3597 latae]
470 3531 520 3584 mit
543 3530 661 3584 retinere
680 3569 721 3589 ...
742 3530 842 3583 amieos
862 3546 894 3582 zu
912 3529 1069 3595 verbinden,
1090 3529 1179 3595 „ohne
1202 3541 1234 3582 es·
1253 3527 1294 3580 dir
1317 3529 1400 3581 etwas

172 3617 267 3670 kosten
285 3634 318 3670 zu
335 3617 429 3684 lassen,
449 3619 515 3672 ohne
532 3617 734 3686 irgendwelohes
748 3617 827 3686 Opfer
845 3618 920 3670 dafiir
938 3635 970 3670 au
987 3617 1128 3685 bringen“.
1144 3645 1178 3654 -
1225 3627 1266 3671 aa.
1285 3615 1399 3683 amieos]

175 3706 238 3774 „als
262 3705 414 3760 Freunde“.
435 3737 468 3744 -
525 3719 565 3760 eo.
585 3705 696 3772 tafalia]
717 3706 806 3771 „ohne
825 3703 940 3772 Gliiok“‚
960 3706 1026 3759 ohne
1044 3705 1134 3774 Erfolg
1152 3722 1183 3758 au
1201 3704 1293 3758 haben.

247 3806 288 3848 aa.
303 3795 430 3863 denique]
452 3796 552 3863 „kurz3
567 3795 618 3848 mit
631 3795 714 3848 einem
723 3794 832 3848 Wort“.
852 3825 885 3832 -
905 3794 1066 3863 quaerendi]
1086 3794 1155 3860 „des
1167 3793 1350 3846 Erwerbons“.
1363 3821 1398 3832 -

174 3899 289 3952 eamque
306 3884 407 3938 habeas
422 3884 499 3951 pias]
525 3884 550 3937 d.
570 3883 596 3936 h.
616 3883 650 3935 da
668 3883 703 3935 du
719 3882 787 3950 jetzt
805 3883 879 3935 mehr
896 3884 959 3936 host
976 3884 1016 3936 als
1040 3883 1136 3936 frdher.
1156 3911 1190 3920 -
1247 3894 1287 3935 aa.
1314 3881 1399 3950 dirae,

172 3973 217 4040 at]
233 3975 275 4028 fur
292 3980 362 4028 tam
378 3974 487 4040 diaes,
506 3978 552 4027 at.
568 4003 601 4010 -
649 3983 689 4024 aa.
708 3977 742 4025 rat
758 3973 902 4027 metiretur
914 3972 1047 4038 nummos]
1067 3971 1125 4025 dade
1139 3988 1167 4024 er
1182 3971 1229 4024 das
1244 3968 1310 4024 Geld
1323 3971 1401 4024 nieht
1513 4035 1515 4040 Ι

173 4062 268 4130 nabla,
288 4064 399 4117 sondern
417 4062 492 4116 mais.
508 4091 541 4100 -
600 4072 657 4114 100.
675 4059 830 4125 fortissima
847 4060 1086 4132 Tyndaridarum]
1104 4060 1129 4114 d.
1144 4060 1170 4115 h.
1186 4059 1228 4113 ein
1242 4058 1317 4112 Woib
1331 4059 1399 4112 nooh

173 4151 287 4221 tapferer
305 4153 344 4206 als
357 4151 563 4219 Klytdmnestra,
583 4149 628 4202 des
642 4149 794 4216 Tyndareus
812 4149 932 4215 Toohter,
951 4149 992 4202 die
1010 4149 1094 4202 ihrem
1108 4147 1206 4203 Gatten
1220 4147 1399 4216 Agamemnon

173 4239 220 4292 das
233 4239 326 4310 Haupt
339 4241 452 4310 spaltete
465 4239 522 4306 (ihu
536 4239 598 4291 aber
610 4237 686 4291 nieht
696 4239 794 4301 mitten
808 4238 969 4302 durohhieb).
995 4238 1050 4291 Das
1063 4238 1143 4291 Maso.
1159 4235 1342 4306 Tyndaridae
1355 4237 1401 4290 be-

174 4327 292 4383 neiohnet
303 4329 360 4382 hier
372 4328 510 4396 ailgemein
524 4327 565 4381 die
570 4325 597 4381 N
597 4327 765 4380 aohkommen
777 4327 823 4380 des
830 4326 988 4394 Tyndareus,
1000 4325 1075 4380 nieht
1087 4325 1155 4380 blois
1170 4325 1211 4378 dio
1224 4323 1399 4379 mdnnliehon.
